<record><leader>00000cas a22000007a 4500</leader><controlfield tag="001">13291293</controlfield><controlfield tag="008">860313d19071912wvudr ne      0    0eng d</controlfield><datafield ind1=" " ind2=" " tag="010"><subfield code="a">sn 86092358 </subfield></datafield><datafield ind1=" " ind2=" " tag="040"><subfield code="a">WVC</subfield><subfield code="b">eng</subfield><subfield code="c">WVC</subfield><subfield code="d">OCL</subfield><subfield code="d">OCLCQ</subfield></datafield><datafield ind1=" " ind2=" " tag="042"><subfield code="a">msc</subfield></datafield><datafield ind1="0" ind2="4" tag="245"><subfield code="a">The Daily oil review.</subfield></datafield><datafield ind1=" " ind2=" " tag="260"><subfield code="a">Sistersville, W. Va. :</subfield><subfield code="b">[s.n.],</subfield><subfield code="c">1907-1912.</subfield></datafield><datafield ind1=" " ind2=" " tag="300"><subfield code="a">v.</subfield></datafield><datafield ind1=" " ind2=" " tag="310"><subfield code="a">Daily</subfield></datafield><datafield ind1="0" ind2=" " tag="362"><subfield code="a">Vol. 13, no. 232 (Oct. 3, 1907)-v. 18, no. 204 (Aug. 31, 1912).</subfield></datafield><datafield ind1=" " ind2=" " tag="500"><subfield code="a">Editor: Harry W. Smith.</subfield></datafield><datafield ind1=" " ind2=" " tag="515"><subfield code="a">No paper published on July 31, 1912.</subfield></datafield><datafield ind1=" " ind2=" " tag="752"><subfield code="a">United States</subfield><subfield code="b">West Virginia</subfield><subfield code="c">Tyler</subfield><subfield code="d">Sistersville.</subfield></datafield><datafield ind1="0" ind2=" " tag="775"><subfield code="t">Sistersville weekly review</subfield><subfield code="w">(DLC)sn 86092353</subfield></datafield><datafield ind1="0" ind2="0" tag="780"><subfield code="t">Sistersville daily review (1905)</subfield><subfield code="w">(DLC)sn 86092357</subfield></datafield><datafield ind1="0" ind2="0" tag="785"><subfield code="t">Sistersville daily review (1912)</subfield><subfield code="w">(DLC)sn 86092359</subfield></datafield></record>